<record><leader>00000cas a22000007a 4500</leader><controlfield tag="001">14962328</controlfield><controlfield tag="008">861212d18uu1890txuwr ne      0    0eng d</controlfield><datafield ind1=" " ind2=" " tag="010"><subfield code="a">sn 86090402 </subfield></datafield><datafield ind1=" " ind2=" " tag="040"><subfield code="a">PPM</subfield><subfield code="b">eng</subfield><subfield code="c">PPM</subfield><subfield code="d">OCLCQ</subfield></datafield><datafield ind1=" " ind2=" " tag="042"><subfield code="a">msc</subfield></datafield><datafield ind1="0" ind2="4" tag="245"><subfield code="a">The Terrell Texas star.</subfield></datafield><datafield ind1="1" ind2="3" tag="246"><subfield code="a">Terrell star</subfield></datafield><datafield ind1=" " ind2=" " tag="260"><subfield code="a">Terrell, Tex. :</subfield><subfield code="b">Clark G. Walker</subfield></datafield><datafield ind1=" " ind2=" " tag="300"><subfield code="a">v. :</subfield><subfield code="b">ill. ;</subfield><subfield code="c">70 cm.</subfield></datafield><datafield ind1=" " ind2=" " tag="310"><subfield code="a">Weekly</subfield></datafield><datafield ind1="0" ind2=" " tag="362"><subfield code="a">-v. 25, no. 9 (Mar. 1, 1890).</subfield></datafield><datafield ind1=" " ind2=" " tag="580"><subfield code="a">Merged with: Terrell times to form: The Terrell times-star.</subfield></datafield><datafield ind1=" " ind2=" " tag="588"><subfield code="a">Description based on: Vol. 18, no. 1 (Dec. 25, 1883).</subfield></datafield><datafield ind1=" " ind2=" " tag="752"><subfield code="a">United States</subfield><subfield code="b">Texas</subfield><subfield code="c">Kaufman</subfield><subfield code="d">Terrell.</subfield></datafield><datafield ind1="1" ind2="7" tag="785"><subfield code="t">Terrell times</subfield></datafield><datafield ind1="1" ind2="7" tag="785"><subfield code="t">Terrell times-star</subfield><subfield code="w">(DLC)sn 86089509</subfield></datafield><datafield ind1="1" ind2=" " tag="029"><subfield code="a">AU@</subfield><subfield code="b">000025787967</subfield></datafield></record>